
%% Created for Jakob Suckale at 2007-09-06 11:30:44 +0200 


%% Saved with string encoding Unicode (UTF-8) 

%%%%Lista de prefijos usados
% pr - paper
% gl - glosario
% bk - libros
% cu - referencias al cobre
% ot - otros



%%%papers citas
%%%%%%%%%%%%%%%%%%%%%%%%%%%%%%%%%%%%%%%%%%%%%%%%


@inproceedings{pr_akita2016deep,
	title={Deep learning for stock prediction using numerical and textual information},
	author={Akita, Ryo and Yoshihara, Akira and Matsubara, Takashi and Uehara, Kuniaki},
	booktitle={2016 IEEE/ACIS 15th International Conference on Computer and Information Science (ICIS)},
	pages={1--6},
	year={2016},
	organization={IEEE}
}

@article{pr_cortez2018alternative,
	title={Alternative techniques for forecasting mineral commodity prices},
	author={Cortez, CA Tapia and Saydam, S and Coulton, J and Sammut, C},
	journal={International Journal of Mining Science and Technology},
	volume={28},
	number={2},
	pages={309--322},
	year={2018},
	publisher={Elsevier}
}

@article{pr_dehghani2018copper,
	title={Copper price estimation using bat algorithm},
	author={Dehghani, Hesam and Bogdanovic, Dejan},
	journal={Resources Policy},
	volume={55},
	pages={55--61},
	year={2018},
	publisher={Elsevier}
}

@inproceedings{pr_jingrui2017method,
	title={A method of optimizing LDA result purity based on semantic similarity},
	author={Jingrui, Zhu and Qinglin, Wang and Yu, Liu and Yuan, Li},
	booktitle={2017 32nd Youth Academic Annual Conference of Chinese Association of Automation (YAC)},
	pages={361--365},
	year={2017},
	organization={IEEE}
}

@inproceedings{pr_rao2015qualitative,
	title={Qualitative Stock Market Predicting with Common Knowledge Based Nature Language Processing: A Unified View and Procedure},
	author={Rao, Dongning and Deng, Fudong and Jiang, Zhihua and Zhao, Gansen},
	booktitle={2015 7th International Conference on Intelligent Human-Machine Systems and Cybernetics},
	volume={2},
	pages={381--384},
	year={2015},
	organization={IEEE}
}

@mastersthesis{pr_tipirisetty2018stock,
	title={Stock Price Prediction using Deep Learning},
	author={Tipirisetty, Abhinav},
	year={2018},
	school={San José State University},
	note={Master's Projects},
	doi={https://doi.org/10.31979/etd.bzmm-36m7}
}

@misc{pr_trastour2016prediction,
	title={Prediction of the crude oil price thanks to natural language processing applied to newspapers},
	author={Trastour, Sophie and Genin, Maxime and Morlot, Arthur},
	year={2016},
	url={http://cs229.stanford.edu/proj2016/report/}
}

@inproceedings{pr_yun2019stock,
	title={Stock Prices Prediction using the Title of Newspaper Articles with Korean Natural Language Processing},
	author={Yun, Hyungbin and Sim, Ghudae and Seok, Junhee},
	booktitle={2019 International Conference on Artificial Intelligence in Information and Communication (ICAIIC)},
	pages={019--021},
	year={2019},
	organization={IEEE}
}

@article{pr_zhao2017fuzzy,
	title={Fuzzy bag-of-words model for document representation},
	author={Zhao, Rui and Mao, Kezhi},
	journal={IEEE Transactions on Fuzzy Systems},
	volume={26},
	number={2},
	pages={794--804},
	year={2017},
	publisher={IEEE}
}


%%%Glosarios - diccionarios
%%%%%%%%%%%%%%%%%%%%%%%%%%%%%%%%%%%%%%%%%%%%%%%%

@misc{gl_gartner,
	author    = {{Gartner}},
	title     = "Gartner IT Glossary",
	year     = "2019",
	url = "https://www.gartner.com/it-glossary/"
}

@misc{gl_ibm,
	author    = {{IBM}},
	title     = "IBM AI glossary",
	year     = "2019",
	url = "https://www.ibm.com/cloud/garage/architectures/cognitiveArchitecture/glossary"
}

@misc{gl_rae,
	author    = {{Real Academia Española}},
	title     = "Diccionario de la lengua española",
	edition="Twenty-third",
	year     = "2014",
	url = "https://dle.rae.es/?w=diccionario"
}


%%Libros
%%%%%%%%%%%%%%%%%%%%%%%%%%%%%%%%%%%%%%%%%%%%%%%%

@book{bk_gollapudi2016practical,
	title={Practical machine learning},
	author={Gollapudi, Sunila},
	year={2016},
	publisher={Packt Publishing Ltd}
}

@article{bk_goyal2018deep,
	title={Deep learning for natural language processing},
	author={Goyal, Palash and Pandey, Sumit and Jain, Karan},
	journal={Deep Learning for Natural Language Processing: Creating Neural Networks with Python [Berkeley, CA]: Apress},
	pages={138--143},
	year={2018},
	publisher={Springer}
}

@incollection{bk_kulkarni2019exploring,
	title={Exploring and Processing Text Data},
	author={Kulkarni, Akshay and Shivananda, Adarsha},
	booktitle={Natural Language Processing Recipes},
	pages={37--65},
	year={2019},
	publisher={Springer}
}

%%%%Referencias respecto al cobre
%%%%%%%%%%%%%%%%%%%%%%%%%%%%%%%%%%%%%%%%%%%%%%%%

@misc{cu_lagos2017proyectar,
	author    = {Gustavo Lagos},
	title     = "¿Cómo lo han hecho los especialistas?: aciertos y desaciertos al proyectar el precio del cobre",
	year     = "2017",
	month = "October",
	address="Chile",
	url = "https://gyn.claseejecutiva.uc.cl/como-lo-han-hecho-los-especialistas-aciertos-y-desaciertos-al-proyectar-el-precio-del-cobre/#"
}

@techreport{cu_ministerioPeru_statsminas,
	author={{Ministerio de Energía y Minas (ESTAMIN)}},
	title     = "Perú: país líder de los metales del futuro",
	year = "2019",
	month="February",
	type="Boletín Estadistico Minero"
}

@misc{cu_internationalcopper2018,
	title={The World Copper Factbook 2018},
	author={{Study Group International Copper}},
	year={2018},
	url={www.icsg.org}
}
%    address={Portugal},


@misc{cu_USAcommodity2019,
	title={Mineral commodity summaries 2019: U.S. Geological Survey},
	author={{U.S. Geological Survey}},
	year={2019},
	doi={https://doi.org/10.3133/70202434}
}





%%%%Articulos tecnicos
%%%%%%%%%%%%%%%%%%%%%%%%%%%%%%%%%%%%%%%%%%%%%%%%

%%%verificar si institution esta bien o author va bien
@misc{tec_vectorwords_tensorflow,
	title={Vector Representations of Words},
	author={{TensorFlow}},
	year={2019},
	url={https://www.tensorflow.org/tutorials/representation/word2vec}
}

@techreport{tec_royal2017machine,
	title={Machine learning: the power and promise of computers that learn by example},
	author={{Royal Society Working Group}},
	year={2017},
	institution={Technical report}
}



%%%%Otros archivos
%%%%%%%%%%%%%%%%%%%%%%%%%%%%%%%%%%%%%%%%%%%%%%%%

%%sobre arbol de problemas

@misc{ot_marti2018manual,
	title={Manual formulación, evaluación y monitoreo de proyectos sociales},
	author={Martínez, Rodrigo and Cohen, Ernesto},
	year={2018},
	url={https://dds.cepal.org/redesoc/publicacion?id=242},
	pages={114-121}
}

//alexis
@book{szeliski2010computer,
  title={Computer Vision: Algorithms and Applications},
  author={Szeliski, Richard},
  year={2010},
  publisher={Springer Science \& Business Media}
}

@book{klette2010computer,
  title={Computer Vision: A Reference Guide},
  author={Klette, Reinhard},
  year={2010},
  publisher={Springer}
}

@book{sucar2008vision,
  title={Visión computacional: Un enfoque práctico},
  author={Sucar, Luis Enrique and Gómez, Hugo},
  year={2008},
  publisher={Prentice Hall}
}

@book{klette2014concise,
  title={Concise Computer Vision: An Introduction into Theory and Algorithms},
  author={Klette, Reinhard},
  year={2014},
  publisher={Springer}
}

@article{voulodimos2018deep,
  title={Deep learning for computer vision: A brief review},
  author={Voulodimos, Athanasios and Doulamis, Nikolaos and Doulamis, Anastasios and Protopapadakis, Emmanouil},
  journal={Computational Intelligence and Neuroscience},
  volume={2018},
  pages={1--13},
  year={2018},
  publisher={Hindawi}
}
@article{gupta2023cnn,
  title={The Role of CNNs in Modern Computer Vision Applications},
  author={Gupta, A. and Kumar, R. and Singh, P.},
  journal={Journal of Computer Vision Research},
  volume={12},
  pages={45--58},
  year={2023}
}

@article{zhang2024deep,
  title={Deep Learning Architectures: Enhancing Image Recognition Tasks},
  author={Zhang, L. and Li, X. and Zhao, Y.},
  journal={Artificial Intelligence Review},
  volume={15},
  pages={125--140},
  year={2024}
}

@article{ieee2023alexnet,
  title={The Impact of AlexNet and VGGNet on Modern Convolutional Architectures},
  author={IEEE Computer Society},
  journal={IEEE Transactions on Pattern Analysis and Machine Intelligence},
  volume={45},
  pages={312--330},
  year={2023}
}
@book{dezhic2018intelligence,
  title={Understanding Intelligence: A Comprehensive Overview},
  author={Dezhic, A.},
  year={2018},
  publisher={TechWorld Publications}
}

@book{maheshwari2018ai,
  title={Artificial Intelligence: Foundations and Applications},
  author={Maheshwari, P.},
  year={2018},
  publisher={NextGen Tech Press}
}

@book{ford2018ai,
  title={Architects of Intelligence: The Truth about AI from the People Building It},
  author={Ford, M.},
  year={2018},
  publisher={Packt Publishing}
}

@book{norman2018computing,
  title={The Computational Mind: Exploring the Intersection of AI and Cognitive Science},
  author={Norman, D.},
  year={2018},
  publisher={Springer}
}
@book{russel2010ai,
  title={Artificial Intelligence: A Modern Approach},
  author={Russell, S. and Norvig, P.},
  year={2010},
  publisher={Prentice Hall}
}

@misc{utnfrbam2021,
  title={Definición de Inteligencia Artificial},
  author={UTN FRBA - Universidad Tecnológica Nacional, Facultad Regional Buenos Aires},
  year={2021},
  howpublished={\url{https://www.frba.utn.edu.ar/ia-definicion}},
  note={Accedido: 24 de noviembre de 2024}
}
@article{heredia2015ai,
  author={Heredia, D. and Amaya, Y. and Barrientos, E.},
  title={Técnicas de inteligencia artificial en sistemas de información},
  journal={Revista de Innovación y Tecnología},
  year={2015},
  volume={8},
  pages={23-34}
}

@article{massa2018ai,
  author={Massa, S. M. and Casamayor, A. and Testa, S.},
  title={Algoritmos de análisis de información y su aplicación en inteligencia artificial},
  journal={Computación y Análisis},
  year={2018},
  volume={14},
  pages={12-25}
}

@article{bobadilla2019data,
  author={Bobadilla, J. and Gutiérrez, A. and Patricio, M. Á. and Bojorque, R. X.},
  title={Procesamiento de grandes volúmenes de datos en inteligencia artificial},
  journal={Journal of Data Science},
  year={2019},
  volume={5},
  pages={45-60}
}

@article{garcia2018knowledge,
  author={García, E. M. C. and Pazmiño, A. M. A. and Armijos, C. P. V. and Sosa, G. L. A. and Reinoso, M. V. A.},
  title={De la información al conocimiento: un enfoque práctico en inteligencia artificial},
  journal={Revista de Gestión y Conocimiento},
  year={2018},
  volume={3},
  pages={101-115}
}
@misc{shulman2024,
  author={Shulman, Mikey},
  title={Datos estructurados y no estructurados},
  year={2024},
  howpublished={\url{https://www.ejemplo.com}},
  note={Accedido: 24 de noviembre de 2024}
}

@book{aggarwal2016,
  author = {Charu C. Aggarwal},
  title = {Recommender Systems: The Textbook},
  volume = {39},
  publisher = {Springer Cham},
  year = {2016}
}
@article{berkovsky2008,
  author = {Shlomo Berkovsky and Tsvi Kuflik and Francesco Ricci},
  title = {Mediation of user models for enhanced personalization in recommender systems},
  journal = {User Modeling and User-Adapted Interaction},
  volume = {18},
  number = {3},
  year = {2008}
}
@inproceedings{amatriain2016,
  author = {Xavier Amatriain and Justin Basilico},
  title = {Past, present, and future of recommender systems: An industry perspective},
  booktitle = {RecSys 2016- Proceedings of the 10th ACM Conference on Recommender Systems},
  year = {2016}
}
@misc{mackenzie2013,
  author = {Ian MacKenzie and Chris Meyer and Steve Noble},
  title = {How Retailers can keep up with Consumers},
  howpublished = {McKinsey \& Company- Retail Insights},
  month = {October},
  year = {2013}
}

@misc{iqbal2024,
  author = {Mansoor Iqbal},
  title = {Netflix Revenue and Usage Statistics (2024)- Business of Apps},
  year = {2024},
  howpublished = {\url{https://www.businessofapps.com/data/netflix-statistics/}}
}
@misc{precision2024,
  author = {Precision Reports},
  title = {Worldwide Market Research Report, and Industry Analysis},
  year = {2024}
}
@incollection{amatriain2016,
  author = {Xavier Amatriain and Justin Basilico},
  title = {Recommender Systems in Industry: A Netflix Case Study},
  booktitle = {Recommender Systems Handbook},
  chapter = {11},
  pages = {385--419},
  publisher = {Springer},
  address = {Boston, MA},
  year = {2016}
}

@incollection{melville2010,
  author = {Prem Melville and Vikas Sindhwani},
  title = {Recommender Systems},
  booktitle = {Encyclopedia of Machine Learning},
  pages = {829--838},
  publisher = {Springer},
  address = {Boston, MA},
  year = {2010}
}
@article{adomavicius2005,
  author = {Gediminas Adomavicius and Alexander Tuzhilin},
  title = {Toward the next generation of recommender systems: A survey of the state-of-the-art and possible extensions},
  journal = {Computer Science},
  year = {2005}
}

@incollection{ricci2022,
  author = {Francesco Ricci and Lior Rokach and Bracha Shapira},
  title = {Recommender Systems: Techniques, Applications, and Challenges},
  booktitle = {Recommender Systems Handbook: Third Edition},
  chapter = {1},
  pages = {1--35},
  publisher = {Springer},
  address = {New York, NY},
  year = {2022}
}
///MArco conceptual
@inproceedings{Redmon2016YOLO,
  author    = {Joseph Redmon and Santosh Divvala and Ross Girshick and Ali Farhadi},
  title     = {You Only Look Once: Unified, Real-Time Object Detection},
  booktitle = {Proceedings of the IEEE Conference on Computer Vision and Pattern Recognition},
  pages     = {779--788},
  year      = {2016},
  doi       = {10.1109/CVPR.2016.91}
}

@article{Hussain2023YOLO,
  author    = {Muhammad Hussain},
  title     = {YOLO-V5 Variant Selection Algorithm Coupled with Representative Augmentations for Modelling Production-Based Variance in Automated Lightweight Pallet Racking Inspection},
  journal   = {Big Data and Cognitive Computing},
  volume    = {7},
  number    = {2},
  pages     = {120},
  year      = {2023},
  doi       = {10.3390/bdcc7020120}
}

@article{sarmiento2023challenges,
  author = {Sarmiento, Raymond Francis},
  title = {Challenges and best practices for digital unstructured data enrichment in health research: A systematic narrative review},
  journal = {PLOS Digital Health},
  year = {2023},
  volume = {2},
  number = {1},
  pages = {e0000347},
  doi = {10.1371/journal.pdig.0000347},
  url = {https://doi.org/10.1371/journal.pdig.0000347}
}
@misc{IBM2023vision,
  author = {IBM},
  title = {What is Computer Vision?},
  year = {2023},
  url = {https://www.ibm.com/topics/computer-vision},
  note = {Accedido: 2024-11-24}
}
@inproceedings{Amin2020,
  author    = {R. Amin and T. Djatna and I. S. Sitanggang},
  title     = {Sistema de recomendación basado en la consulta del horizonte: investigación actual y futura},
  booktitle = {Proc. Int. Conf. Comput. Sci. Appl. Agricult. (ICOSICA)},
  pages     = {1--7},
  year      = {2020},
  month     = {septiembre}
}
@article{Cocco2022,
  author    = {H. Cocco and M. De-Juan-Vigaray},
  title     = {Una tipología de las actividades de los minoristas omnicanal durante la pandemia de COVID-19},
  journal   = {Int. J. Distribución Minorista Manag.},
  year      = {2022},
  volume    = {50},
  pages     = {1062--1094}
}
@article{Bay2006,
  author    = {H. Bay and T. Tuytelaars and L. Van Gool},
  title     = {SURF: Speeded Up Robust Features},
  journal   = {Computer Vision -- ECCV, Lecture Notes in Computer Science},
  year      = {2006},
  volume    = {3951},
  publisher = {Springer, Berlin, Heidelberg},
  doi       = {10.1007/11744023_32}
}
@book{AlegreFernandez2018,
  author    = {Enrique Alegre and Laura Fernández-Robles},
  title     = {SIFT (Scale Invariant Feature Transform)},
  booktitle = {Conceptos y Métodos en Visión por Computador},
  chapter   = {8},
  year      = {2018},
  publisher = {Universidad de León},
  url       = {https://buleria.unileon.es/bitstream/handle/10612/11065/cap%208%20ConceptosyMetodosenVxC.pdf?sequence=1&isAllowed=y#:~:text=SIFT%20es%20un%20m%C3%A9todo%20que,la%20posici%C3%B3n%20y%20la%20escala.}
}
@online{pardoHOG,
    author    = {Carlos Julio Pardo},
    title     = {HOG (Histograma de Gradientes Orientados)},
    year      = {2017},
    url       = {https://carlosjuliopardoblog.wordpress.com/2017/12/04/hog-histograma-de-gradientes-orientados/},
    note      = {Accedido: 25 de noviembre de 2024}
}
@phdthesis{avilaHOG,
    author    = {Emanuel Enrique Ávila Romero},
    title     = {Descriptores HOG para la detección de objetos basados en histogramas de gradientes orientados},
    school    = {Pontificia Universidad Javeriana},
    year      = {2012},
    url       = {https://repository.javeriana.edu.co/bitstream/handle/10554/7081/tesis543.pdf?sequence=1},
    note      = {Accedido: 25 de noviembre de 2024}
}


///












